@inproceedings{messaoudi2015dis,
  author = {F. Messaoudi and G. Simon and A. Ksentini}, 
  booktitle = {2015 International Workshop on Network and Systems Support for Games (NetGames)}, 
  pages = {1-6}, 
  title = {Dissecting games engines: The case of Unity3D}, 
  month = {Dec},
  year = {2015}
} 

@article{kim2014dev,
  title={Development of Mobile Game Using Multiplatform (Unity3D) Game Engine},
  author={A. Kim and J. Bae},
  journal={Social Networks},
  volume={5},
  pages={29--36},
  month={March},
  year={2014}
}

@Misc{unitypress1,
  title = "Unite 2015: 2015 Unity Awards Winners Revealed",
  author = "Unity Technologies",
  note = {Accessed October 14, 2016},
  howpublished = "\url{https://unity3d.com/es/company/public-relations/news/unite-2015-2015-unity-awards-winners-revealed}"
}

@Misc{unitypress2,
  title = "Unity - Multiplatform",
  author = "Unity Technologies",
  note = {Accessed October 14, 2016},
  howpublished = "\url{https://unity3d.com/es/unity/multiplatform/}"
}

@Misc{unitypress3,
  title = "How do I import objects from my 3D app?",
  author = "Unity Technologies",
  note = {Accessed October 14, 2016},
  howpublished = "\url{https://docs.unity3d.com/Manual/HOWTO-importObject.html}"
}

@Misc{unitypress4,
  title = "Shaders",
  author = "Unity Technologies",
  note = {Accessed October 14, 2016},
  howpublished = "\url{https://docs.unity3d.com/Manual/Shaders.html}"
}

@Misc{unitypress5,
  title = "Script Reference",
  author = "Unity Technologies",
  note = {Accessed October 14, 2016},
  howpublished = "\url{https://docs.unity3d.com/ScriptReference/}"
}

@Misc{unitypress6,
  title = "MonoDevelop",
  author = "Unity Technologies",
  note = {Accessed October 14, 2016},
  howpublished = "\url{https://docs.unity3d.com/es/current/Manual/MonoDevelop.html}"
}

@Misc{unitypress7,
  title = "Asset Server (Pro Only)",
  author = "Unity Technologies",
  note = {Accessed October 14, 2016},
  howpublished = "\url{https://docs.unity3d.com/Manual/AssetServer.html}"
}

@Misc{unitypress8,
  title = "Importing from the Asset Store",
  author = "Unity Technologies",
  note = {Accessed October 14, 2016},
  howpublished = "\url{https://docs.unity3d.com/Manual/AssetStore.html}"
}

@Misc{2dtoolkit1,
  title = "2D Toolkit in Unity 4.3",
  author = "Unikron Software",
  note = {Accessed October 14, 2016},
  howpublished = "\url{http://www.2dtoolkit.com/unity2d.html}"
}

@Misc{hotween1,
  title = "HOTween a Unity Tween Engine",
  author = "Daniele Giardini",
  note = {Accessed October 14, 2016},
  howpublished = "\url{http://hotween.demigiant.com/}"
}

@Misc{iosnative1,
  title = "iOS Native documentation",
  author = "Union Assets",
  note = {Accessed October 14, 2016},
  howpublished = "\url{https://unionassets.com/iosnative}"
}

@Misc{androidnative1,
  title = "Android Native documentation",
  author = "Union Assets",
  note = {Accessed October 14, 2016},
  howpublished = "\url{https://unionassets.com/android-native-plugin}"
}

@Misc{flurry1,
  title = "Flurry Analytics / Product Features",
  author = "Yahoo",
  note = {Accessed October 14, 2016},
  howpublished = "\url{https://developer.yahoo.com/analytics/features.html}"
}

@inproceedings{vithani2014mod,
  title={Modeling the Mobile Application Development Lifecycle},
  author={Tejas Vithani, Member, IAENG and Anand Kumar},
  booktitle={Proceedings of the International MultiConference of Engineers and Computer Scientists 2014 Vol I},
  pages={596--600},
  year={2014},
  organization={IMECS}
}

@book{kotonya1998requirements,
  title={Requirements Engineering: Processes and Techniques},
  author={Kotonya, G. and Sommerville, I.},
  year={1998},
  publisher={Wiley}
}

@article{heneval2012,
  title={Evaluating Cross-Platform Development Approaches for Mobile Applications},
  author={Henning Heitk√∂tter, Sebastian Hanschke, Tim A. Majchrzak},
  journal={Web Information Systems and Technologies},
  pages={120--138},
  month={April},
  year={2012}
}

@phdthesis{chaleval2013,
  title = {Evaluating the Potential of Developing Cross-Platform Mobile Applications},
  school = {Chalmers university of Technology},
  author = {Mikhail Yakubovich},
  year = {2013},
}

@Misc{gametrics1,
  title = "Analytics that empower you",
  author = "Game Analytics",
  note = {Accessed February 14, 2017},
  howpublished = "\url{http://www.gameanalytics.com/}"
}